@article{OLIVEIRA20051953,
title = "A survey of combinatorial optimization problems in multicast routing",
author = "Carlos A.S. Oliveira and Panos M. Pardalos",
journal = "Computers and Operations Research",
volume = "32",
number = "8",
pages = "1953--1981",
year = "2005",
OPTissn = "0305-0548",
OPTdoi = "https://doi.org/10.1016/j.cor.2003.12.007",
OPTurl = "http://www.sciencedirect.com/science/article/pii/S0305054803003873",
OPTkeywords = "Multicast routing, Networks, Combinatorial optimization"
}

@misc{vehicular,
title={Exemplo de Funcionamento de uma VANET},
howpublished={\url{http://spiroprojects.com/blog/cat-view-more.php?blogname=
What-is-Vehicular-Ad-hoc-Network-(VANET)?&id=29}},
note = {Acessado: 30/01/2021}
}

@book{cormen:2009,
author = {Cormen, Thomas H. and Leiserson, Charles E. and Rivest, Ronald L. and Stein, Clifford},
title = {Introduction to Algorithms, Third Edition},
year = {2009},
optisbn = {0262033844},
publisher = {The MIT Press},
edition = {3rd}
}

@article{toso:2015,
author = {Toso, R.F. and Resende, Mauricio},
year = {2015},
month = {01},
pages = {},
title = {A C++application programming interface for biased random-key genetic algorithms},
volume = {30},
journal = {Optimization Methods and Software},
optdoi = {10.1080/10556788.2014.890197}
}

@misc{boost:2020,
  title = {Boost C$++$ Libraries},
  howpublished = {Disponível em \url{https://www.boost.org/}},
  note = {Acessado 29 Janeiro 2020},
}

@article{clausen:2003,
author = {Clausen, Thomas Heide and Jacquet, Philippe and Adjih, Cedric and Laouiti, Anis and Minet, Pascale and Muhlethaler, Paul and Qayyum, Amir and Viennot, Laurent},
year = {2003},
month = {01},
pages = {},
title = {Optimized link state routing protocol (OLSR)}
}

@inproceedings{karp:2000,
author = {Karp, Brad and Kung, H. T.},
title = {GPSR: Greedy Perimeter Stateless Routing for Wireless Networks},
year = {2000},
optisbn = {1581131976},
publisher = {Association for Computing Machinery},
optaddress = {New York, NY, USA},
opturl = {https://doi.org/10.1145/345910.345953},
booktitle = {Proceedings of the 6th Annual International Conference on Mobile Computing and Networking},
pages = {243-–254},
optnumpages = {12},
location = {Boston, Massachusetts, USA},
optseries = {MobiCom '00}
}

@article{lochert:2005,
author = {Lochert, Christian and Mauve, Martin and Füßler, Holger and Hartenstein, Hannes},
year = {2005},
optmonth = {01},
pages = {69--72},
title = {Geographic Routing in City Scenarios},
volume = {9},
journal = {Mobile Computing and Communications Review},
optdoi = {10.1145/1055959.1055970}
}
                  

@article{gupta:2013,
author = {Gupta, Anuj and Sadawarti, Harsh and Verma, Anil},
year = {2013},
month = {06},
pages = {},
title = {Implementation of DYMO Routing Protocol},
volume = {1},
journal = {International Journal of Information Technology, Modeling and Computing},
optdoi = {10.5121/ijitmc.2013.1205}
}                  

@book{hillier2013introduccao,
  title={Introdu{\c{c}}{\~a}o {\`a} pesquisa operacional},
  author={Hillier, Frederick S and Lieberman, Gerald J},
  year={2013},
  publisher={McGraw Hill Brasil}
}

@article{bean1994,
author = {Bean, James},
year = {2006},
OPTmonth = {02},
OPTpages = {},
title = {Genetics and random keys for sequencing and optimization},
volume = {6},
journal = {ORSA Journal of Computing}
}


@article{resende2010,
author = {Gonçalves, José and Resende, Mauricio},
year = {2011},
OPTmonth = {10},
pages = {487-525},
title = {Biased random-key genetic algorithms for combinatorial optimization},
volume = {17},
journal = {J. Heuristics},
OPTdoi = {10.1007/s10732-010-9143-1}
}

@book{diestel:2005,
  author = {Diestel, Reinhard},
    optmonth = {August},
  publisher = {Springer},
    title = {Graph Theory},
  year = 2005
}

@article{karim:2008,
author = {Karim, Rezwana},
year = {2008},
address = {New Jersey},
journal = {Tech. rep.},
publisher = {Rutgers University},
OPTmonth = {01},
OPTpages = {},
title = {VANET: Superior System for Content Distribution in Vehicular Network Applications}
}

@book{Garey:1990,
 author = "Garey, Michael R. and Johnson, David S.",
 title = "Computers and Intractability; A Guide to the Theory of NP-Completeness",
 year = "1990",
 publisher = "W. H. Freeman \& Co.",
 address = "New York, NY, USA"
} 

@ARTICLE{rouskas:1997,
author={G. N. {Rouskas} and I. {Baldine}},
journal={IEEE Journal on Selected Areas in Communications},
title={Multicast routing with end-to-end delay and delay variation constraints},
year={1997},
volume={15},
number={3},
pages={346--356},
optdoi={10.1109/49.564133}
}

@article{biradar:2012,
title = "Review of multicast routing mechanisms in mobile ad hoc networks",
journal = "Journal of Network and Computer Applications",
volume = "35",
number = "1",
pages = "221--239",
year = "2012",
optnote = "Collaborative Computing and Applications",
optissn = "1084-8045",
optdoi = "https://doi.org/10.1016/j.jnca.2011.08.003",
opturl = "http://www.sciencedirect.com/science/article/pii/S1084804511001573",
author = "Rajashekhar C. Biradar and Sunilkumar S. Manvi",
}


@incollection{MACULAN1987185,
author = "Nelson Maculan",
title = "The {S}teiner Problem in Graphs",
editor = "Silvano Martello and Gilbert Laporte and Michel Minoux and Celso Ribeiro",
chapter="6",
series = "North-Holland Mathematics Studies",
publisher = "North-Holland",
pages = "185--211",
year = "1987",
booktitle = "Surveys in Combinatorial Optimization",
volume="132",
OPTissn = "0304-0208",
OPTdoi = "https://doi.org/10.1016/S0304-0208(08)73236-5",
OPTurl = "http://www.sciencedirect.com/science/article/pii/S0304020808732365"
}

@article{Winter:1987,
 author = {Winter, P.},
 title = {{S}teiner Problem in Networks: A Survey},
 journal = {Networks},
 volume = {17},
 number = {2},
 year = {1987},
 pages = {129--167},
 OPTnumpages = {39},
 OPTpublisher = {Wiley-Interscience},
 OPTaddress = {New York, USA},
 OPTissn = {0028-3045},
 OPTurl = {http://dx.doi.org/10.1002/net.3230170203},
 OPTdoi = {10.1002/net.3230170203},
 OPTacmid = {34235},
 OPTmonth = {apr}
} 

@article{bitam:2013,
title = "HyBR: A Hybrid Bio-inspired Bee swarm Routing protocol for safety applications in Vehicular Ad hoc NETworks (VANETs)",
journal = "Journal of Systems Architecture",
volume = "59",
number = "10, Part B",
pages = "953--967",
year = "2013",
optnote = "Advanced Smart Vehicular Communication System and Applications",
optissn = "1383-7621",
optdoi = "https://doi.org/10.1016/j.sysarc.2013.04.004",
opturl = "http://www.sciencedirect.com/science/article/pii/S1383762113000532",
author = "Salim Bitam and Abdelhamid Mellouk and Sherali Zeadally"
}

@article{BITAM2013981,
title = "Bee life-based multi constraints multicast routing optimization for vehicular ad hoc networks",
author = "Salim Bitam and Abdelhamid Mellouk",
journal = "Journal of Network and Computer Applications",
volume = "36",
number = "3",
pages = "981--991",
year = "2013",
OPTnumpages = "10",
OPTissn = "1084-8045",
OPTdoi = "https://doi.org/10.1016/j.jnca.2012.01.023",
OPTurl = "http://www.sciencedirect.com/science/article/pii/S1084804512000379"
}

@MastersThesis{mustafa:2011,
  title={Issues of Routing in Vanet},
  author={Bilal. Mustafa and Umar Waqas Raja},
  year={2011},
  school = {Blekinge Institute of Technology}
}

@MastersThesis{souza:2012,
  title={Mav-aodv - um protocolo multicast baseado em colônias de formigas para redes ad hoc veiculares},
  author={Alisson Barbosa de Souza},
  year={2012},
  school = {Centro de Ciências e Tecnologia, Universidade Estadual do Ceará}
}

@ARTICLE{taleb:2007,
  author={T. {Taleb} and E. {Sakhaee} and A. {Jamalipour} and K. {Hashimoto} and N. {Kato} and Y. {Nemoto}},
  journal={IEEE Transactions on Vehicular Technology}, 
  title={A Stable Routing Protocol to Support ITS Services in VANET Networks}, 
  year={2007},
  volume={56},
  number={6},
  pages={3337--3347},
  optdoi={10.1109/TVT.2007.906873}}

@ARTICLE{saleet:2011,
  author={H. {Saleet} and R. {Langar} and K. {Naik} and R. {Boutaba} and A. {Nayak} and N. {Goel}},
  journal={IEEE Transactions on Vehicular Technology}, 
  title={Intersection-Based Geographical Routing Protocol for VANETs: A Proposal and Analysis}, 
  year={2011},
  volume={60},
  number={9},
  pages={4560--4574},
  optdoi={10.1109/TVT.2011.2173510}}

@INPROCEEDINGS{garcia:2004,
  author={R. {Vaishampayan} and J. J. {Garcia-Luna-Aceves}},
  booktitle={IEEE International Conference on Mobile Ad-hoc and Sensor Systems}, 
  title={Efficient and robust multicast routing in mobile ad hoc networks}, 
  year={2004},
  publisher = {IEEE},
  location = {Fort Lauderdale, FL, USA},
  optvolume={},
  optnumber={},
  pages={304--313},
  optdoi={10.1109/MAHSS.2004.1392169}}


@INPROCEEDINGS{royer:2001,
author = {Royer, Elizabeth and Perkins, Charles},
year = {2001},
optmonth = {10},
pages = {207--218},
title = {Multicast Operation of the Ad-hoc On-Demand Distance Vector Routing Protocol},
booktitle = {Mobile Computing and Networking},
publisher = {IEEE},
location = {},
optdoi = {10.1145/313451.313538}
}

@INPROCEEDINGS{correia:2011,
author={S. L. O. B. {Correia} and J. {Celestino} and O. {Cherkaoui}},
booktitle={IEEE Wireless Communications and Networking Conference},
title={Mobility-aware Ant Colony Optimization routing for vehicular ad hoc networks},
year={2011},
optvolume={},
optnumber={},
location={Cancun, Quintana Roo, Mexico},
pages={1125-1130},
publisher={IEEE},
optdoi={10.1109/WCNC.2011.5779289}}                  

@INPROCEEDINGS{5506245, 
author={A. {Sebastian} and M. {Tang} and Y. {Feng} and M. {Looi}}, 
booktitle={2010 {IEEE} Wireless Communication and Networking Conference}, 
title={A Multicast Routing Scheme for Efficient Safety Message Dissemination in {VANET}}, 
year={2010}, 
pages={1-6},
publisher = {IEEE}, 
OPTvolume={}, 
OPTnumber={},
location = {Sydney, NSW, Australia}, 
OPTdoi={10.1109/WCNC.2010.5506245}, 
OPTISSN={1558-2612}, 
OPTmonth={April}}

@article{fazio:2013,
author = {Peppino Fazio and Floriano De Rango and Cesare Sottile and Amilcare Francesco Santamaria},
title ={Routing Optimization in Vehicular Networks: A New Approach Based on Multiobjective Metrics and Minimum Spanning Tree},
journal = {International Journal of Distributed Sensor Networks},
volume = {9},
number = {11},
year = {2013},
pages = {59-69},
OPTdoi = {10.1155/2013/598675},
OPTURL = {https://doi.org/10.1155/2013/598675},
OPTeprint = {https://doi.org/10.1155/2013/598675}}

@article{tiago:2019,
author = {Ribeiro, Celso C. and Santos, Tiago de A. and de Souza, Cid C.},
title = {Multicast routing under quality of service constraints for vehicular ad hoc networks: mathematical formulation and a relax-and-fix heuristic},
journal = {International Transactions in Operational Research},
volume = {26},
number = {4},
pages = {1339-1364},
OPTkeywords = {multicast routing, quality of service, vehicular networks, ad hoc networks, integer programming, relax-and-fix, heuristics},
OPTdoi = {10.1111/itor.12605},
OPTurl = {https://onlinelibrary.wiley.com/doi/abs/10.1111/itor.12605},
OPTeprint = {https://onlinelibrary.wiley.com/doi/pdf/10.1111/itor.12605},
year = {2019}
}

@article{SINGH2015,
   title = {Recent trends in intelligent transportation systems: a review},
   journal = {Journal of Transport Literature},
   author={Singh, Bhupendra AND Gupta, Ankit},
   volume = {9},
   year = {2015},
   pages = {30--34},
   number = {2},
   OPTmonth = {04},
   OPTISSN = {2238-1031},
   OPTlanguage = {en},
   OPTURL = {http://www.scielo.br/scielo.php?script=sci_arttext&pid=S2238-10312015000200030&nrm=iso},
   OPTpublisher = {scielo}
}

@article{PLOL2008390,
title = "A privacy aware and efficient security infrastructure for vehicular ad hoc networks",
journal = "Computer Standards \& Interfaces",
volume = "30",
number = "6",
pages = "390--397",
year = "2008",
OPTnote = "Special Issue: State of standards in the information systems security area",
OPTissn = "0920-5489",
OPTdoi = "https://doi.org/10.1016/j.csi.2008.03.007",
OPTurl = "http://www.sciencedirect.com/science/article/pii/S0920548908000275",
author = "Klaus Plößl and Hannes Federrath",
OPTkeywords = "Vehicular ad hoc network (VANET), Security, Privacy, Cryptography, PKI"}

@article{tatari:2012, 
author = {Khorasani, Gholamreza and Tatari, Ashkan and Yadollahi, Ali and Rahimi, Milad},
year = {2013},
journal = {International Journal of Chemical, Environmental \& Biological Sciences},
pages = {110--118},
volume = {1},
number = {1}, 
title = {Evaluation of Intelligent Transport System in Road Safety},
}

@book{Peterson:2011,
 author = {Peterson, Larry L. and Davie, Bruce S.},
 title = {Computer Networks: A Systems Approach},
 year = {2011},
 OPTisbn = {0123850592, 9780123850591},
 edition = {5th},
 publisher = {Morgan Kaufmann Publishers Inc.},
 address = {San Francisco, CA, USA}
} 


@book{Nemhauser,
 author = {Nemhauser, George L. and Wolsey, Laurence A.},
 title = {Integer and Combinatorial Optimization},
 year = {1988},
 OPTisbn = {0-471-82819-X},
 publisher = {Wiley-Interscience},
 address = {New York, NY, USA},
} 

@book{devore:2011,
 author = {Jay L. Devore},
 title = {Probability and Statistics for Engineering and the Sciences},
 year = {2011},
 OPTisbn = {0-471-82819-X},
 publisher = {Cengage Learning},
 optaddress = {New York, NY, USA},
}


@article{demsar:2006,
author = {Dem\v{s}ar, Janez},
title = {Statistical Comparisons of Classifiers over Multiple Data Sets},
year = {2006},
publisher = {JMLR},
volume = {7},
optissn = {1532-4435},
optmonth = dec,
pages = {1--30},
optnumpages = {30}
}

@book{vanderbei:2015,
  title={Linear programming},
  author={Vanderbei, Robert J and others},
  volume={3},
  year={2015},
  publisher={Springer}
}

@InBook{MAGNANTI1995503,
  author =  {Thomas L. Magnanti and Laurence A. Wolsey},
  editor =  {M.O. Ball, T.L. Magnanti, C.L. Monma and G.L. Nemhauser},
  title =  {Optimal trees},
  chapter = {9},
  publisher = {Elsevier},
  year =  {1995},
  volume = {7},
  series = {Handbooks in Operations Research and Management Science},
  pages = {503--615},
}

@ARTICLE{harklay:2008, 
author={M. Haklay and P. Weber}, 
journal={{IEEE} Pervasive Computing}, 
title={{O}pen{S}treet{M}ap: User-Generated Street Maps}, 
year={2008}, 
volume={7}, 
number={4}, 
pages={12--18}, 
OPTkeywords={cartography;geographic information systems;groupware;software tools;Web sites;OpenStreetMap project;user-generated street map;peer production model;Wikipedia;copyright scheme;Web site;cartography;software developer;software tool;Global Positioning System;Educational institutions;Earth;Geologic measurements;Collaborative software;History;Geology;Mobile handsets;Standards publication;Standards development;Spatial databases and GIS;user-generated content;collaborative computing;computer-supported cooperative work}, 
OPTdoi={10.1109/MPRV.2008.80}, 
OPTISSN={1536-1268}, 
OPTmonth={Oct}}


@InCollection{Koch2001,
author="Koch, Thorsten and Martin, Alexander and Vo{\ss}, Stefan",
title="{S}tein{L}ib: An Updated Library on {S}teiner Tree Problems in Graphs",
booktitle="Steiner Trees in Industry",
chapter= "9",
year="2001",
publisher="Springer",
address="Boston, MA",
pages="285--325",
OPTdoi="10.1007/978-1-4613-0255-1_9",
OPTurl="https://doi.org/10.1007/978-1-4613-0255-1_9"
}

@incollection{Beasley:1993, 
author = {Beasley, John E.}, 
chapter = {6}, 
title = {Lagrangian Relaxation},
booktitle = {Modern Heuristic Techniques for Combinatorial Problems},
editor = {Reeves, Colin R.}, 
year = {1993}, 
publisher = {John Wiley \& Sons, Inc.}, 
address = {New York, NY, USA}, 
pages = {243--303}, 
numpages = {61}, 
OPTurl = {http://dl.acm.org/citation.cfm?id=166648.166660}, 
OPTacmid = {166660},
OPTisbn = {0-470-22079-1}}


@InCollection{,
	author = {Beasley, John E.}, 
	title = {Lagrangian Relaxation},
	booktitle = {Modern Heuristic Techniques for Combinatorial Problems},
	chapter = {6}, 
	editor = {Reeves, Colin R.}, 
	year = {1993}, 
	publisher = {John Wiley \& Sons, Inc.}, 
	address = {New York, NY, USA}, 
	pages = {243--303}, 
}

@InCollection{irnich:2006,
	author = {Irnich, Stefan and Desaulniers, Guy},
	title = {Shortest Path Problems with Resource Constraints},
	booktitle = {Column Generation},
	chapter = {2}, 
	publisher = {Springer},
	editor = {Desaulniers G., Desrosiers J., Solomon M.M.},
	year = {2006},
	address = {Boston, MA},
	pages = {33-65},
	OPTdoi = {10.1007/0-387-25486-2_2}
}

@book{Issariyakul:2010,
 author = {Issariyakul, Teerawat and Hossain, Ekram},
 title = {Introduction to Network Simulator NS2},
 year = {2010},
 OPTisbn = {1441944125, 9781441944122},
 edition = {1st},
 publisher = {Springer Publishing Company, Incorporated},
} 

@InCollection{,
	author = {Beasley, John E.}, 
	title = {Lagrangian Relaxation},
	booktitle = {Modern Heuristic Techniques for Combinatorial Problems},
	chapter = {6}, 
	editor = {Reeves, Colin R.}, 
	year = {1993}, 
	publisher = {John Wiley \& Sons, Inc.}, 
	address = {New York, NY, USA}, 
	pages = {243--303}, 
}

@InCollection{Riley2010,
author="Riley, George F. and Henderson, Thomas R.",
editor="Wehrle, Klaus and G{\"u}ne{\c{s}}, Mesut and Gross, James",
title="The {NS}-3 Network Simulator",
bookTitle="Modeling and Tools for Network Simulation",
chapter = "2",
year="2010",
publisher="Springer",
address="Berlin, Heidelberg",
pages="15--34",
OPTisbn="978-3-642-12331-3",
OPTdoi="10.1007/978-3-642-12331-3_2",
OPTurl="https://doi.org/10.1007/978-3-642-12331-3_2"
}

@inproceedings{Varga:2008,
 author = {Varga, Andr\'{a}s and Hornig, Rudolf},
 title = {An Overview of the {OMN}e{T}++ Simulation Environment},
 booktitle = {International Conference on Simulation Tools and Techniques for Communications, Networks and Systems \& Workshops},
 year = {2008},
 location = {Marseille, France},
 pages = {1--10},
 publisher = {Institute for Computer Sciences, Social-Informatics and Telecommunications Engineering},
 OPTvolume={1},
 OPTaddress = {ICST, Brussels, Belgium, Belgium},
 OPTisbn = {978-963-9799-20-2},
 OPTnumpages = {10},
 OPTarticleno = {60},
 OPTurl = {http://dl.acm.org/citation.cfm?id=1416222.1416290},
 OPTacmid = {1416290},
 OPTkeywords = {computer systems, discrete simulation, hierarchical, integrated development environment, network simulation, performance analysis, simulation tools, telecommunications},
 OPTseries = {Simutools '08}} 